 @misc{ wiki:muenchen,
   author = "Wikipedia",
   title = "München --- Wikipedia{,} Die freie Enzyklopädie",
   year = "2014",
   url = "\url{http://de.wikipedia.org/w/index.php?title=M%C3%BCnchen&oldid=128960941}",
   note = "[Online; Stand 28. März 2014]"
 }
 @misc{ wiki:latex,
   author = "Wikipedia",
   title = "LaTeX --- Wikipedia{,} Die freie Enzyklopädie",
   year = "2014",
   url = "\url{http://de.wikipedia.org/w/index.php?title=LaTeX&oldid=128142248}",
   note = "[Online; Stand 29. März 2014]"
 }
